<?xml version="1.0" encoding="UTF-8"?><collection><record><leader>06755ntm a2200541 a 4500</leader><controlfield tag="001">006491028</controlfield><controlfield tag="003">MiAaHDL</controlfield><controlfield tag="005">20190719000000.0</controlfield><controlfield tag="006">m        d        </controlfield><controlfield tag="007">cr bn ---auaua</controlfield><controlfield tag="008">090423s16uu    xx            00| ||ara d</controlfield><datafield tag="035" ind1=" " ind2=" "><subfield code="a">(MiU)006491028</subfield></datafield><datafield tag="035" ind1=" " ind2=" "><subfield code="a">sdr-miu006491028</subfield></datafield><datafield tag="040" ind1=" " ind2=" "><subfield code="a">MiU</subfield><subfield code="c">MiU</subfield><subfield code="e">amremm</subfield></datafield><datafield tag="043" ind1=" " ind2=" "><subfield code="a">n-us-mi</subfield></datafield><datafield tag="100" ind1="0" ind2=" "><subfield code="6">880-01</subfield><subfield code="a">Abū al-Saʻūd Muḥammad ibn Muḥammad,</subfield><subfield code="d">1492 or 1493-1574 or 1575.</subfield></datafield><datafield tag="240" ind1="1" ind2="0"><subfield code="6">880-02</subfield><subfield code="a">Irshād al-ʻaql al-salīm.</subfield><subfield code="n">juzʼ 2</subfield></datafield><datafield tag="245" ind1="1" ind2="3"><subfield code="6">880-03</subfield><subfield code="a">[al-Juzʼ al-thānī min Irshād al-ʻaql al-salīm,</subfield><subfield code="f">17th century].</subfield></datafield><datafield tag="246" ind1="3" ind2=" "><subfield code="i">Edge title (tail):</subfield><subfield code="a">جزء ثاني تفسير ابو سعود</subfield></datafield><datafield tag="260" ind1=" " ind2=" "><subfield code="c">[16--].</subfield></datafield><datafield tag="300" ind1=" " ind2=" "><subfield code="a">501 leaves :</subfield><subfield code="b">paper ;</subfield><subfield code="c">295 x 195 (210 x 120) mm.</subfield></datafield><datafield tag="500" ind1=" " ind2=" "><subfield code="a">Shelfmark: Ann Arbor, University of Michigan, Special Collections Library, Isl. Ms. 11 v.2</subfield></datafield><datafield tag="500" ind1=" " ind2=" "><subfield code="a">Origin: Lacks dated scribal colophon ; paper suggests early 17th century.</subfield></datafield><datafield tag="500" ind1=" " ind2=" "><subfield code="a">Accompanying materials: Several inserted slips carrying notes (paginated pp.55-56, 149-150, 241-242, 313-314, 365-366, 357-358) and folded document (paginated pp. 815-816).</subfield></datafield><datafield tag="500" ind1=" " ind2=" "><subfield code="a">Former shelfmark: British Museum, London "No. 28 Abu Suud's Commentary on Kuran. Vol. 2." ; "٦٠" on tail of textblock.</subfield></datafield><datafield tag="500" ind1=" " ind2=" "><subfield code="a">Binding: Pasteboards covered in dark brown leather now overlaid with laid marbled paper (blue, pink, yellow, etc.) ; spine repaired with two pieces of red leather ; Type II binding (though flap now lost) ; upper and lower board linings in light green laid paper stamped with floral design ; traces of stamped mandorla in leather under marbled paper ; sewn in dark brown thread, four stations ; worked chevron endbands in blue, salmon and yellow, mostly intact at head and tail ; overall in fair condition with some abrasion, lifting and losses of paper, boards delaminating at corners, leather on spine showing some splitting and red rot, etc. otherwise sound.</subfield></datafield><datafield tag="500" ind1=" " ind2=" "><subfield code="a">Support: European laid paper mainly with 10 laid lines per cm. (horizontal), chain lines spaced 20 mm. apart (vertical), and watermark of man with stick over his shoulder in circle ; flyleaves in a different European laid paper with chain lines spaced 30 mm. apart (vertical) and three hats and 'L V' in circle watermarks ; several older repairs, tide-lines and cockled pages especially at front of codex.</subfield></datafield><datafield tag="500" ind1=" " ind2=" "><subfield code="a">Decoration: Sūrah headings rubricated or in blue ink, also often overlined in red ; textual dividers in the form of red and blue discs appear on page facing incipit page and following page.</subfield></datafield><datafield tag="500" ind1=" " ind2=" "><subfield code="a">Script: Naskh ; mainly a clear Syrian hand, virtually serifless with slight effect of tilt to the left, many closed counters, curvilinear descenders, occasional superscripting of final words or letters of line, and pointing mainly in distinct dots, extensively vocalized ; more compact from p.567 on ; pp.681-684 supplied in a different hand, namely an elegant Ottoman naskh, partially seriffed, with effect of tilt to the left, mainly open counters, superscripting of final letters of words, and some elongation of horizontal strokes ; sūrah headings often in a larger tawqīʻ script.</subfield></datafield><datafield tag="500" ind1=" " ind2=" "><subfield code="a">Layout: Written in 29 lines per page ; frame-ruled.</subfield></datafield><datafield tag="500" ind1=" " ind2=" "><subfield code="a">Collation: i, IV-1 (7), V+2 (19), 2 V(39), IV (47), 10 V(147), 2 IV(163), 3 V(193), IV (201), 4 V(241), IV (249), 2 V(269), IV (277), III-1 (282), 10 V(382), IV (390), 3 V(420), IV (428), 3 V(458), III+2 (466), 2 V(486), V+1 (497), II (501), i ; catchwords present ; pagination in pencil, Western numerals, supplied during digitization (includes front flyleaf and inserts ; skips two pages each between pp.109-110, pp.217-218, pp.271-272, pp.415-416, pp.521-522 and pp.575-576).</subfield></datafield><datafield tag="500" ind1=" " ind2=" "><subfield code="a">Colophon: "Authorial" and "Scribal," rectangular, reads: "كتب المؤلف عفى الله تعالى عنه في اخر نسخة الاصل اتفق الفراغ من تسويدها تيك الاوراق بتوفيق الله عز سلطانه ليلة الجمعة الاولى من شهر الله الحرام رجب الفرد لعام ٩٧٣ حامدا لله رب العالمين ومصليا على سيده محمد صلى الله تعالى عليه و على سائر الانبياء والمرسلين والملائكة المقربين اجمعين"</subfield></datafield><datafield tag="500" ind1=" " ind2=" "><subfield code="a">Explicit: "واشرف ايامي يوم القاك يوم يقوم الناس لرب العالمين فريقا فريقا احشرين مع الذين انعمت عليهم من النبيين والصديقين الشهداء والصالحين وحسن اولئك رفيقا"</subfield></datafield><datafield tag="500" ind1=" " ind2=" "><subfield code="a">Incipit: "اتى امر الله اي الساعة او ما يعمه وغيرها من العذاب الموعود للكفرة عبر عن ذلك بامر الله تعالى للتفخيم وتهويل وللايذان بان تحققه في نفسه"</subfield></datafield><datafield tag="500" ind1=" " ind2=" "><subfield code="a">Title supplied by cataloguer.</subfield></datafield><datafield tag="500" ind1=" " ind2=" "><subfield code="a">Ms. codex.</subfield></datafield><datafield tag="510" ind1="4" ind2=" "><subfield code="a">Brockelmann, C. GAL,</subfield><subfield code="c">II 439 ; S II 651</subfield></datafield><datafield tag="520" ind1="8" ind2=" "><subfield code="a">Fine copy of an odd second volume of Abū al-Suʻūd's commentary on the Qurʼān, beginning with Sūrat al-Naḥl (16) and ending with Sūrat al-Nās (114). See Mich. Isl. Ms. 11 v.1 for first volume. Description provided mainly by Sarah Mirza.</subfield></datafield><datafield tag="538" ind1=" " ind2=" "><subfield code="a">Mode of access: Internet.</subfield></datafield><datafield tag="541" ind1=" " ind2=" "><subfield code="c">Purchase ;</subfield><subfield code="a">Acquired by purchase (funds donated by Horace Rackham).</subfield><subfield code="d">1924.</subfield></datafield><datafield tag="546" ind1=" " ind2=" "><subfield code="a">Arabic.</subfield></datafield><datafield tag="561" ind1=" " ind2=" "><subfield code="a">Bookplate of British Museum, London on interior of lower cover, "British Museum, London. No. 28 Abu Suud's Commentary on Kuran. Vol. 2." ; circular seal impression with figure of goat/gazelle in purple ink as well as inscription "95" in Western numerals on 'title page' (p.3) ; circular waqf-seal impression in black ink appears on 'title page' (p.3) and several places throughout, reads: "هذا وقف الراجي فيض الصمدي الشيخ احمد ضيا الدين ابن مصطفى الخالدي فمن بدله بعد ما سمعه فانما اثمه على الذين يبدلونه" in name of Aḥmad Ḍiyāʼ al-Dīn ibn Muṣṭafá al-Khālidī (i.e. Ahmed Ziyâüddîn Gümüşhanevî, d. 1893 or 4) ; possible book price (or inventory number) on interior of upper cover ; glosses and occasional marginal corrections.</subfield></datafield><datafield tag="630" ind1="0" ind2="0"><subfield code="a">Qurʼan</subfield><subfield code="v">Commentaries</subfield><subfield code="v">Early works to 1800.</subfield></datafield><datafield tag="650" ind1=" " ind2="0"><subfield code="a">Manuscripts, Arabic</subfield><subfield code="z">Michigan</subfield><subfield code="z">Ann Arbor.</subfield></datafield><datafield tag="773" ind1="0" ind2=" "><subfield code="a">Tiflis Collection.</subfield></datafield><datafield tag="880" ind1="1" ind2="2"><subfield code="6">245-03/</subfield><subfield code="a">[الجزء الثاني من إرشاد العقل السليم,</subfield><subfield code="f">القرن 17م].</subfield></datafield><datafield tag="880" ind1="1" ind2="0"><subfield code="6">240-02/</subfield><subfield code="a">ارشاد العقل السليم.</subfield><subfield code="n">جزء 2</subfield></datafield><datafield tag="880" ind1="0" ind2=" "><subfield code="6">100-01/</subfield><subfield code="a">أبو السعود محمد بن محمد.</subfield></datafield><datafield tag="CID" ind1=" " ind2=" "><subfield code="a">006491028</subfield></datafield><datafield tag="DAT" ind1="0" ind2=" "><subfield code="a">20190719102634.0</subfield><subfield code="b">20190719000000.0</subfield></datafield><datafield tag="DAT" ind1="1" ind2=" "><subfield code="a">20190719090653.0</subfield><subfield code="b">2019-07-19T16:11:16Z</subfield></datafield><datafield tag="DAT" ind1="2" ind2=" "><subfield code="a">2015-10-10T18:00:06Z</subfield></datafield><datafield tag="CAT" ind1=" " ind2=" "><subfield code="a">SDR-MIU</subfield><subfield code="d">EX LIBRIS - ALEPH</subfield><subfield code="l">prepare.pl-004-008</subfield></datafield><datafield tag="FMT" ind1=" " ind2=" "><subfield code="a">BK</subfield></datafield><datafield tag="HOL" ind1=" " ind2=" "><subfield code="0">sdr-miu006491028</subfield><subfield code="a">MiU</subfield><subfield code="b">SDR</subfield><subfield code="c">MIU</subfield><subfield code="p">mdp.39015079125400</subfield><subfield code="s">MIU</subfield><subfield code="1">006491028</subfield></datafield><datafield tag="974" ind1=" " ind2=" "><subfield code="b">MIU</subfield><subfield code="c">MIU</subfield><subfield code="d">20190719</subfield><subfield code="s">lit-dlps-dc</subfield><subfield code="u">mdp.39015079125400</subfield><subfield code="y">1699</subfield><subfield code="r">pd</subfield><subfield code="q">bib</subfield><subfield code="t">non-US bib date1 &lt; 1896</subfield></datafield></record></collection>